@misc{acara2014,
title={Deidentified student-level NAPLAN data, 2014 results linked to 2012},
author={ACARA},
year={2014},
note={Australian Curriculum Assessment and Reporting Authority, Sydney}
}

@misc{acara2015a,
title={National Assessment Program -- Literacy and Numeracy 2014: Technical Report},
author={ACARA},
year={2015},
note={Australian Curriculum Assessment and Reporting Authority, Sydney},
url={http://www.nap.edu.au/results-and-reports/national-reports.html}
}

@misc{accc2015,
title={Telecommunications competitive safeguards for 2013--14: changes in the prices paid for telecommunications services in Australia 2013--14},
author={ACCC},
year={2015},
note={Australian Competition \& Consumer Commission},
url={http://www.accc.gov.au/system/files/906_ACCC\%20Telecommunications\%20reports\%202013\%E2\%80\%9314_web_2-June-2015.pdf}
}

@misc{apra2016,
title={Monthly Banking Statistics back series},
author={APRA},
year={2016},
note={Issued 29 July 2016. Australian Prudential Regulation Authority},
url={http://www.apra.gov.au/adi/publications/pages/monthly-banking-statistics.aspx}
}

@article{bloom2010management,
  title={Why do management practices differ across firms and countries?},
  author={Bloom, N and Van Reenen, J},
  journal={The Journal of Economic Perspectives},
  volume={24},
  number={1},
  pages={203--224},
  year={2010}
}

@article{deaton1980almost,
  title={An almost ideal demand system},
  author={Deaton, A and Muellbauer, J},
  journal={The American economic review},
  volume={70},
  number={3},
  pages={312--326},
  year={1980},
  publisher={JSTOR}
}

@misc{eggertsson2016,
  title={A Contagious Malady? Open Economy Dimensions of Secular Stagnation},
  author={Eggertsson, Gauti B and Mehrotra, Neil R and Singh, Sanjay R and Summers, Lawrence H},
  year={2016},
  note={National Bureau of Economic Research}
}

@misc{feenstra2015,
title={The Next Generation of the Penn World Table},
author={Feenstra, Robert C. and Inklaar, Robert and Timmer, MArcel P.},
year={2015},
note={Penn World Tables version 9.0},
url={www.ggdc.net/pwt}
}

@misc{gruen2012productivity,
title={Productivity and Structural Change},
author={Gruen, D},
year={2012},
note={Speech to 41st Australian Conference of Economists, 10 July 2012},
url={http://www.treasury.gov.au/PublicationsAndMedia/Newsroom/Speeches/2012/Productivity-and-structural-change#P98_19313}
}

@misc{ibisworld2016,
title={IBISWorld Australia ANZSIC Industry Reports},
author={IBISWorld},
year={2016},
note={Industry and company information sourced through database}
}

@misc{goss2016,
title={Widening gaps: what NAPLAN tells us about student progress},
author={Goss, P. and Sonnemann, J. and Chisholm, C. and Nelson, L.},
year={2016},
note={Grattan Institute},
url={http://www.grattan.edu.au/widening-gaps/}
}

@article{marks2015,
title={Are school-SES effects statistical artefacts? Evidence from longitudinal population data},
author={Marks, G. N.},
year={2015},
volume={41},
number={1},
pages={122--144},
journal={Oxford Review of Education}
}

@misc{morningstar2016,
title={Morningstar DatAnalysis Premium},
author={Morningstar},
year={2016},
note={Industry and company information sourced through database}
}

@book{oecd2015,
title={OECD Employment Outlook 2015},
author={OECD},
year={2015},
publisher={OECD Publishing},
address={Paris}
}

@misc{RBA2016,
author={{RBA}},
title={Statement on Monetary Policy, May 2016},
year={2016},
url={http://www.rba.gov.au/publications/smp/2016/may/pdf/statement-on-monetary-policy-2016-05.pdf}
}

@misc{roymorgan2015,
author={{Roy Morgan}},
title={Roy Morgan Single Source (Australia), January 2005--December 2015},
year={2015},
note={Base: Australian grocery buyers 14+, weighted to households. Accessed 10th August 2016},
url={http://www.roymorgan.com/findings/6762-supermarket-sweep-aldis-share-of-aussie-market-still-rising-201604142258}
}

@article{wu2010,
title={Measurement, sampling, and equation errors in large-scale assessments},
author={Wu, M.},
year={2010},
volume={29},
number={4},
pages={15--27},
journal={Educational Measurement: Issues and Practice}
}


@article{singer2014consumer,
  title={The Consumer Benefits of Efficient Mobile-Number-Portability Administration},
  author={Singer, Hal J},
  journal={Available at SSRN 2397292},
  year={2014}
}
